@string{POT       = {Proceedings of the }}

@string{SP        = { IEEE Symposium on Security and Privacy (Oakland)}}
@string{SEC       = { USENIX Security Symposium (Security)}}
@string{CCS       = { ACM Conference on Computer and Communications Security (CCS)}}
@string{NDSS      = { Annual Network and Distributed System Security Symposium (NDSS)}}
@string{RAID      = { International Symposium on Research in Attacks, Intrusions and Defenses (RAID)}}
@string{ESORICS   = { European Symposium on Research in Computer Security (ESORICS)}}
@string{ACSAC     = { Annual Computer Security Applications Conference (ACSAC)}}
@string{DSN       = { International Conference on Dependable Systems and Networks (DSN)}}
@string{WOOT      = { USENIX Workshop on Offensive Technologies (WOOT)}}
@string{DIMVA     = { Conference on Detection of Intrusions and Malware and Vulnerability Assessment (DIMVA)}}
@string{ASIACCS   = { ACM Symposium on Information, Computer and Communications Security (ASIACCS)}}
@string{BLACKHAT  = { Black Hat USA Briefings (Black Hat USA)}}
@string{SDNNFVSEC = { ACM International Workshop on Security in SDN and NFV}}
@string{WUSEC     = { Workshop on Usable Security (USEC)}}
@string{ISC       = { Information Security Conference (ISC)}}
@string{SOUPS     = { ACM Symposium on Usable Privacy and Security (SOUPS)}}
@string{TISSEC    = { ACM Transactions on Information and System Security}}

@string{SOSP      = { ACM Symposium on Operating Systems Principles (SOSP)}}
@string{OSDI      = { USENIX Symposium on Operating Systems Design and Implementation (OSDI)}}
@string{ATC       = { USENIX Annual Technical Conference (ATC)}}
@string{EUROSYS   = { European Conference on Computer Systems (EuroSys)}}
@string{FAST      = { USENIX Conference on File and Storage Technologies (FAST)}}
@string{MOBISYS   = { ACM International Conference on Mobile Computing Systems (MobiSys)}}
@string{SOCC      = { ACM Symposium on Cloud Computing (SoCC)}}
@string{APSYS     = { Asia-Pacific Workshop on Systems (APSys)}}
@string{PODC      = { ACM SIGACT-SIGOPS Symposium on Principles of Distributed Computing (PODC)}}
@string{HOTOS     = { USENIX Workshop on Hot Topics in Operating Systems (HotOS)}}
@string{HOTPOWER  = { Workshop on Power-Aware Computing and Systems (HotPower)}}
@string{ICDCS     = { International Conference on Distributed Computing Systems (ICDCS)}}
@string{SC        = { International Conference for High Performance Computing, Networking, Storage and Analysis (SC)}}
@string{TACAS     = { International Conference on Tools and Algorithms for the Construction and Analysis of Systems (TACAS)}}
@string{TOCS      = { ACM Transactions on Computer Systems}}
@string{OSR       = { ACM SIGOPS Operating System Review}}
@string{OLS       = { Linux Symposium }}

%% In Proceedings
%% Oakland
@inproceedings{arbaugh1997secure,
	author    = {Arbaugh, William A and Farber, David J and Smith, Jonathan M},
	title     = {{A secure and reliable bootstrap architecture}},
	booktitle = POT # { 18th } # SP,
	month     = may,
	year      = 1997,
	address   = {Oakland, CA},
	pages     = {65--71}
}

@inproceedings{gullasch2011cache,
	author    = {Gullasch, David and Bangerter, Endre and Krenn, Stephan},
	title     = {{Cache games--bringing access-based cache attacks on AES to practice}},
	booktitle = POT # { 32nd } # SP,
	month     = may,
	year      = 2011,
	address   = {Oakland, CA},
	pages     = {490--505}
}

@inproceedings{zhang2011HCD,
	author    = {Zhang, Yinqian and Juels, Ari and Oprea, Alina and Reiter, Michael K.},
	title     = {{HomeAlone: Co-residency Detection in the Cloud via Side-Channel Analysis}},
	booktitle = POT # { 32nd } # SP,
	month     = may,
	year      = 2011,
	address   = {Oakland, CA},
	pages = {313--328}
}

@inproceedings{szekeres2014eternal,
	author    = {Szekeres, Laszlo and Payer, Mathias and Wei, Tao and Song, Dawn},
	title     = {{Sok: Eternal war in memory}},
	booktitle = POT # {} # SP,
	month     = may,
	year      = 2013,
	address   = {San Francisco, CA},
	pages     = {48--62}
}

@inproceedings{liu2015last,
	title     = {{Last-level cache side-channel attacks are practical}},
	author    = {Liu, Fangfei and Yarom, Yuval and Ge, Qian and Heiser, Gernot and Lee, Ruby B},
	booktitle = POT # { 36th } # SP,
	month     = may,
	year      = 2015,
	address   = {San Jose, CA},
	pages     = {605--622}
}

@inproceedings{irazoqui2015shared,
	title     = {{S \$ A: A shared cache attack that works across cores and defies VM sandboxing-and its application to AES}},
	author    = {Irazoqui, Gorka and Eisenbarth, Thomas and Sunar, Berk},
	booktitle = POT # { 36th } # SP,
	month     = may,
	year      = 2015,
	address   = {San Jose, CA},
	pages     = {591--604}
}


@inproceedings{guanciale2016cache,
	title     = {{Cache storage channels: Alias-driven attacks and verified countermeasures}},
	author    = {Guanciale, Roberto and Nemati, Hamed and Baumann, Christoph and Dam, Mads},
	booktitle = POT # { 37th } # SP,
	month     = may,
	year      = 2016,
	address   = {San Jose, CA},
	pages     = {38--55}
}

%% Security
@inproceedings{shah2006keyboards,
	author    = {Shah, Gaurav and Molina, Andres and Blaze, Matt and others},
	title     = {{Keyboards and Covert Channels}},
	booktitle = POT # { 15th } # SEC,
	month     = jul,
	year      = 2006,
	address   = {Vancouver, Canada},
	pages     = {59--75}
}

@inproceedings{kim2012stealthmem,
	author    = {Kim, Taesoo and Peinado, Marcus and Mainar-Ruiz, Gloria},
	title     = {{STEALTHMEM: System-Level Protection Against Cache-Based Side Channel Attacks in the Cloud}},
	booktitle = POT # { 21st } # SEC,
	month     = aug,
	year      = 2012,
	address   = {Bellevue, WA},
	pages     = {189--204}
}

@inproceedings{wu2012whispers,
	author    = {Wu, Zhenyu and Xu, Zhang and Wang, Haining},
	title     = {{Whispers in the Hyper-space: High-speed Covert Channel Attacks in the Cloud}},
	booktitle = POT # { 21st } # SEC,
	month     = aug,
	year      = 2012,
	address   = {Bellevue, WA},
	pages     = {159--173}
}

@inproceedings{yarom2014flush,
	title     = {{FLUSH+RELOAD: A High Resolution, Low Noise, L3 Cache Side-Channel Attack}},
	author    = {Yarom, Yuval and Falkner, Katrina},
	booktitle = POT # { 23rd } # SEC,
	month     = aug,
	year      = 2014,
	address   = {San Diego, CA},
	pages     = {719--732}
}

@inproceedings{gruss2015cache,
	title     = {{Cache Template Attacks: Automating Attacks on Inclusive Last-Level Caches}},
	author    = {Gruss, Daniel and Spreitzer, Raphael and Mangard, Stefan},
	booktitle = POT # { 24th } # SEC,
	month     = aug,
	year      = 2015,
	address   = {Washington, DC},
	pages     = {897--912}
}

@inproceedings {varadarajan2015PVS,
	author    = {Venkatanathan Varadarajan and Yinqian Zhang and Thomas Ristenpart and Michael Swift},
	title     = {{A Placement Vulnerability Study in Multi-Tenant Public Clouds}},
	booktitle = POT # { 24th } # SEC,
	month     = aug,
	year      = 2015,
	address   = {Washington, DC},
	pages     = {913--928}
}

@inproceedings{lipp2016armageddon,
	title     = {{ARMageddon: Cache attacks on mobile devices}},
	author    = {Lipp, Moritz and Gruss, Daniel and Spreitzer, Raphael and Maurice, Cl{\'e}mentine and Mangard, Stefan},
	booktitle = POT # { 25th } # SEC,
	month     = aug,
	year      = 2016,
	address   = {Austin, TX},
	pages     = {549--564}
}

@inproceedings{ohrimenko2016oblivious,
	title     = {{Oblivious Multi-Party Machine Learning on Trusted Processors}},
	author    = {Ohrimenko, Olga and Schuster, Felix and Fournet, C{\'e}dric and Mehta, Aastha and Nowozin, Sebastian and Vaswani, Kapil and Costa, Manuel},
	booktitle = POT # { 25th } # SEC,
	month     = aug,
	year      = 2016,
	address   = {Austin, TX},
	pages     = {619--636}
}

@inproceedings{green2017autolock,
	title     = {{AutoLock: Why Cache Attacks on ARM Are Harder Than You Think}},
	author    = {Green, Marc and Rodrigues-Lima, Leandro and Zankl, Andreas and Irazoqui, Gorka and Heyszl, Johann and Eisenbarth, Thomas},
	booktitle = POT # { 26th } # SEC,
	month     = aug,
	year      = 2017,
	address   = {Vancouver, BC, Canada},
	pages     = {1075--1091}
}

@inproceedings{gruss2017strong,
	title     = {{Strong and Efficient Cache Side-Channel Protection using Hardware Transactional Memory}},
	author    = {Gruss, Daniel and Schuster, Felix and Ohrimenko, Olya and Haller, Istvan and Lettner, Julian and Costa, Manuel},
	booktitle = POT # { 26th } # SEC,
	month     = aug,
	year      = 2017,
	address   = {Vancouver, BC, Canada},
	pages     = {217--233}
}

%% CCS
@inproceedings{cabuk2004ip,
	author    = {Cabuk, Serdar and Brodley, Carla E and Shields, Clay},
	title     = {{IP covert timing channels: design and detection}},
	booktitle = POT # { 11th } # CCS,
	month     = oct,
	year      = 2004,
	address   = {Washington, DC},
	pages     = {178--187}
}

@inproceedings{ristenpart2009hey,
	author    = {Ristenpart, Thomas and Tromer, Eran and Shacham, Hovav and Savage, Stefan},
	title     = {{Hey, you, get off of my cloud: exploring information leakage in third-party compute clouds}},
	booktitle = POT # { 16th } # CCS,
	month     = nov,
	year      = 2009,
	address   = {Chicago, IL},
	pages     = {199--212}
}

@inproceedings{zhang2012cross,
	title     = {{Cross-VM side channels and their use to extract private keys}},
	author    = {Zhang, Yinqian and Juels, Ari and Reiter, Michael K and Ristenpart, Thomas},
	booktitle = POT # { 19th } # CCS,
	month     = oct,
	year      = 2012,
	address   = {Raleigh, NC},
	pages     = {305--316}
}

@inproceedings{zhang2013duppel,
	title     = {{D{\"u}ppel: Retrofitting commodity operating systems to mitigate cache side channels in the cloud}},
	author    = {Zhang, Yinqian and Reiter, Michael K},
	booktitle = POT # { 20th } # CCS,
	month     = oct,
	year      = 2013,
	address   = {Berlin, Germany},
	pages     = {827--838}
}

@inproceedings{zhang2014CSA,
	author    = {Zhang, Yinqian and Juels, Ari and Reiter, Michael K. and Ristenpart, Thomas},
	title     = {{Cross-Tenant Side-Channel Attacks in PaaS Clouds}},
	booktitle = POT # { 21st } # CCS,
	month     = nov,
	year      = 2014,
	address   = {Scottsdale, AZ},
	pages     = {990--1003}
} 

@inproceedings{azab2014hypervision,
	author    = {Azab, Ahmed M and Ning, Peng and Shah, Jitesh and Chen, Quan and Bhutkar, Rohan and Ganesh, Guruprasad and Ma, Jia and Shen, Wenbo},
	title     = {{Hypervision Across Worlds: Real-time Kernel Protection from the ARM TrustZone Secure World}},
	booktitle = POT # { 21st } # CCS,
	month     = nov,
	year      = 2014,
	address   = {Scottsdale, AZ},
	pages     ={90--102}
}

@inproceedings{zhang2016return,
	title     = {{Return-oriented flush-reload side channels on arm and their implications for android devices}},
	author    = {Zhang, Xiaokuan and Xiao, Yuan and Zhang, Yinqian},
	booktitle = POT # { 23rd } # CCS,
	month     = oct,
	year      = 2016,
	address   = {Vienna, Austria},
	pages     = {858--870}
}

@inproceedings{zhou2016software,
	title     = {{A software approach to defeating side channels in last-level caches}},
	author    = {Zhou, Ziqiao and Reiter, Michael K and Zhang, Yinqian},
	booktitle = POT # { 23rd } # CCS,
	month     = oct,
	year      = 2016,
	address   = {Vienna, Austria},
	pages     = {871--882}
}

%% NDSS
@inproceedings{jang2015secret,
	author    = {Jang, Jinsoo and Kong, Sunjune and Kim, Minsu and Kim, Daegyeong and Kang, Brent Byunghoon},
	title     = {{SeCReT: Secure Channel between Rich Execution Environment and Trusted Execution Environment}},
	booktitle = POT # { 2015 } # NDSS,
	month     = feb,
	year      = 2015,
	address   = {San Diego, CA}
}

@inproceedings{gras2017aslr,
	title     = {{ASLR on the line: Practical cache attacks on the MMU}},
	author    = {Gras, Ben and Razavi, Kaveh and Bosman, Erik and Bos, Herbert and Giuffrida, Christiano},
	booktitle = POT # { 2017 } # NDSS,
	month     = feb # {--} # mar,
	year      = 2017,
	address   = {San Diego, CA}
}

@inproceedings{maurice2017hello,
	author    = {Maurice, Cl{\'e}mentine and Weber, Manuel and Schwarz, Michael and Giner, Lukas and Gruss, Daniel and Boano, Carlo Alberto and Mangard, Stefan and R{\"o}mer, Kay},
	title     = {{Hello from the other side: SSH over robust cache covert channels in the cloud}},
	booktitle = POT # { 2017 } # NDSS,
	month     = feb # {--} # mar,
	year      = 2017,
	address   = {San Diego, CA}
}

@inproceedings{machiry2017boomerang,
	author    = {Machiry, Aravind and Gustafson, Eric and Spensky, Chad and Salls, Chris and Stephens, Nick and Wang, Ruoyu and Bianchi, Antonio and Choe, Yung Ryn and Kruegel, Christopher and Vigna, Giovanni},
	title     = {{BOOMERANG: Exploiting the Semantic Gap in Trusted Execution Environments}},
	booktitle = POT # { 2017 } # NDSS,
	month     = feb # {--} # mar,
	year      = 2017,
	address   = {San Diego, CA}
}

%% ASIA CCS
@inproceedings{neve2006refined,
	author    = {Neve, Michael and Seifert, Jean-Pierre and Wang, Zhenghong},
	title     = {{A refined look at Bernstein's AES side-channel analysis}},
	booktitle = POT # { 4th } # ASIACCS,
	month     = mar,
	year      = 2006,
	address   = {Taipei, Taiwan},
	pages     = {369--369}
}

@inproceedings{irazoqui2015lucky,
	author    = {Irazoqui, Gorka and Inci, Mehmet Sinan and Eisenbarth, Thomas and Sunar, Berk},
	title     = {{Lucky 13 strikes back}},
	booktitle = POT # { 10th } # ASIACCS,
	month     = apr,
	year      = 2016,
	address   = {Singapore},
	pages     = {85--96}
}

@inproceedings{irazoqui2016cross,
	title     = {{Cross processor cache attacks}},
	author    = {Irazoqui, Gorka and Eisenbarth, Thomas and Sunar, Berk},
	booktitle = POT # { 11th } # ASIACCS,
	month     = may # {--} # jun,
	year      = 2016,
	address   = {Xi'an, China},
	pages     = {353--364}
}

%% ATC 
@inproceedings {marcus2017high,
	title 	  = {{High-Resolution Side Channels for Untrusted Operating Systems}},
	author	  = {Marcus H{\"a}hnel and Weidong Cui and Marcus Peinado},
	booktitle = POT # " 2017 " # ATC,
	month	  = Jul,
	year 	  = 2017,
	address   = {Santa Clara, CA},
	pages 	  = {299--312}
}


%% DIMVA
@inproceedings{maurice2015c5,
	author    = {Maurice, Cl{\'e}mentine and Neumann, Christoph and Heen, Olivier and Francillon, Aur{\'e}lien},
	title     = {{C5: cross-cores cache covert channel}},
	booktitle = POT # { 12nd } # DIMVA,
	month     = Jul,
	year      = 2015,
	address   = {Milano, Italy},
	pages     = {46--64}
}

@inproceedings{gruss2016rowhammer,
	title	  = {{Rowhammer.js: A remote software-induced fault attack in javascript}},
	author	  = {Gruss, Daniel and Maurice, Cl{\'e}mentine and Mangard, Stefan},
	booktitle = POT # { 13th } # DIMVA,
	month     = Jul,
	year      = 2016,
	address   = {San Sebastian, Spain},
	pages	  = {300--321}
}

@inproceedings{gruss2016flush,
	title	  = {{Flush+Flush: a fast and stealthy cache attack}},
	author	  = {Gruss, Daniel and Maurice, Cl{\'e}mentine and Wagner, Klaus and Mangard, Stefan},
	booktitle = POT # { 13th } # DIMVA,
	month     = Jul,
	year      = 2016,
	address   = {San Sebastian, Spain},
	pages	  = {279--299}
}

@inproceedings{schwarz2017malware,
	title	  = {{Malware guard extension: Using SGX to conceal cache attacks}},
	author	  = {Schwarz, Michael and Weiser, Samuel and Gruss, Daniel and Maurice, Cl{\'e}mentine and Mangard, Stefan},
	booktitle = POT # { 14th } # DIMVA,
	month     = Jul,
	year      = 2017,
	address   = {Bonn, Germany},
	pages	  = {279--299}
}

%% RAID
@inproceedings{irazoqui2014wait,
	title     = {{Wait a minute! A fast, Cross-VM attack on AES}},
	author    = {Irazoqui, Gorka and Inci, Mehmet Sinan and Eisenbarth, Thomas and Sunar, Berk},
	booktitle = POT # { 17th } # RAID,
	month     = Sep,
	year      = 2014,
	address   = {Gothenburg, Sweden},
	pages     = {299--319}
}

%% ACSAC
@inproceedings{wang2006covert,
	author    = {Wang, Zhenghong and Lee, Ruby B},
	title     = {{Covert and side channels due to processor architecture}},
	booktitle = POT # { 22nd } # ACSAC,
	month     = Dec,
	year      = 2006,
	address   = {Miami, FL},
	pages     = {473--482}
}

%% WOOT
@inproceedings{shah2009covert,
	author    = {Shah, Gaurav and Blaze, Matt},
	title     = {{Covert channels through external interference}},
	booktitle = POT # { 3rd } # WOOT,
	month     = Aug, 
	year      = 2009, 
	address   = {Montreal, Canada},
	pages     = {3--3}
}

%% ETC
@inproceedings{kocher1996timing,
	author    = {Kocher, Paul C},
	title     = {{Timing attacks on implementations of Diffie-Hellman, RSA, DSS, and other systems}},
	booktitle = POT # { 16th Annual International Cryptology Conference (CRYPTO)},
    month     = Aug, 
    year      = 1996,
	address   = {Santa Barbara, CA},
	pages     = {104--113},
}

@inproceedings{bonneau2006cache,
	author    = {Bonneau, Joseph and Mironov, Ilya},
	title     = {{Cache-collision timing attacks against AES}},
	booktitle = POT # { the International Workshop on Cryptographic Hardware and Embedded Systems (CHES)},
	month     = Oct, 
	year      = 2006,
	address   = {Yokohama, Japan},
	pages     = {201--215}
}

@inproceedings{osvik2006cache,
	author    = {Osvik, Dag Arne and Shamir, Adi and Tromer, Eran},
	title     = {{Cache attacks and countermeasures: the case of AES}},
	booktitle = POT # {Cryptographer's Track at the RSA Conference (CT-RSA)},
	month     = Feb,
	year      = 2006,
	address   = {San Jose, CA},
	pages     = {1--20}
}

@inproceedings{aciiccmez2007yet,
	author    = {Acii{\c{c}}mez, Onur},
	title     = {{Yet another microarchitectural attack:: exploiting I-cache}},
	booktitle = POT # { the 2007 ACM workshop on Computer security architecture},
	month     = Oct # {--} # Nov,
	year      = 2007,
	address   = {Alexandria, VA},
	pages     = {11--18}
}

@inproceedings{aciiccmez2007cache,
	author    = {Ac{\i}i{\c{c}}mez, Onur and Schindler, Werner and Ko{\c{c}}, {\c{C}}etin K},
	title     = {{Cache based remote timing attack on the AES}},
	booktitle = POT # {Cryptographer's Track at the RSA Conference (CT-RSA)},
	month     = Feb,
	year      = 2007,
	address   = {San Fancisco, CA},
	pages     = {271--286}
}

@inproceedings{aciiccmez2008vulnerability,
	author    = {Ac{\i}i{\c{c}}mez, Onur and Schindler, Werner},
	title     = {{A vulnerability in RSA implementations due to instruction cache analysis and its demonstration on OpenSSL}},
	booktitle = POT # {Cryptographer's Track at the RSA Conference (CT-RSA)},
	month     = Apr,
	year      = 2008,
	address   = {San Fancisco, CA},
	pages     = {256--273}
}

@inproceedings{brumley2009cache,
	title     = {{Cache-timing template attacks}},
	author    = {Brumley, Billy Bob and Hakala, Risto M},
	booktitle = POT # { 15th the International Conference on the Theory and Application of Cryptology and Information Security (ASIACRYPT)},
	month     = Dec,
	year      = 2009,
	address   = {Tokyo, Japan},
	pages     = {667--684}
}

@inproceedings{aciiccmez2010new,
	author    = {Ac{\i}i{\c{c}}mez, Onur and Brumley, Billy Bob and Grabher, Philipp},
	title     = {{New results on instruction cache attacks}},
	booktitle = POT # { the International Workshop on Cryptographic Hardware and Embedded Systems (CHES)},
	month     = Aug,
	year      = 2010,
	address   = {Santa Barbara, CA},
	pages     = {110--124}
}

@inproceedings{xu2011exploration,
	author    = {Xu, Yunjing and Bailey, Michael and Jahanian, Farnam and Joshi, Kaustubh and Hiltunen, Mattia nd Schlichting, Richard},
	title     = {{An exploration of L2 cache covert channels in virtualized environments}},
	booktitle = POT # { the 3rd ACM workshop on Cloud computing security workshop},
	month     = Oct,
	year      = 2011,
	address   = {Chicago, IL},
	pages     = {29--40}
}

@inproceedings{ge2014sprobes,
	author    = {Ge, Xinyang and Vijayakumar, Hayawardh and Jaeger, Trent},
	title     = {{SPROBES: Enforcing kernel code integrity on the trustzone architecture}},
	booktitle = POT # { 3rd IEEE Mobile Security Technologies Workshop (MoST)}, 
	month     = May,
	year      = 2014,
	address   = {San Jose, CA}
}

@inproceedings{gulmezouglu2015faster,
	author    = {G{\"u}lmezo{\u{g}}lu, Berk and Inci, Mehmet Sinan and Irazoqui, Gorka and Eisenbarth, Thomas and Sunar, Berk},
	title     = {{A faster and more realistic flush+ reload attack on AES}},
	booktitle = POT # { 6th International Workshop on Constructive Side-Channel Analysis and Secure Design (COSADE)},
	month     = Apr,
	year      = 2015,
	address   = {Berlin, Germany},
	pages     = {111--126}
}

@inproceedings{liu2016catalyst,
	title     = {{Catalyst: Defeating last-level cache side channel attacks in cloud computing}},
	author    = {Liu, Fangfei and Ge, Qian and Yarom, Yuval and Mckeen, Frank and Rozas, Carlos and Heiser, Gernot and Lee, Ruby B},
	booktitle = POT # { 22nd IEEE Symposium on High Performance Computer Architecture (HPCA)},
	month     = Mar,
	year      = 2016,
	address   = {Barcelona, Spain},
	pages     = {406--418}
}

@inproceedings{ning2017position,
	author    = {Ning, Zhenyu and Zhang, Fengwei and Shi, Weisong and Shi, Weidong},
	title     = {Position Paper: Challenges Towards Securing Hardware-assisted Execution Environments},
	booktitle = POT # { the Hardware and Architectural Support for Security and Privacy},
	month     = Jun,
	year      = 2017,
	address   = {Toronto, Canada}
}

%% Journal Papers
@article{reineke2007timing,
	title	  = {{Timing predictability of cache replacement policies}},
	author	  = {Reineke, Jan and Grund, Daniel and Berg, Christoph and Wilhelm, Reinhard},
	journal	  = {Real-Time Systems},
	volume	  = {37},
	number	  = {2},
	pages	  = {99--122},
	year	  = 2007,
	publisher = {Springer}
}

@article{tromer2010efficient,
	title	  = {{Efficient cache attacks on AES, and countermeasures}},
	author	  = {Tromer, Eran and Osvik, Dag Arne and Shamir, Adi},
	journal	  = {Journal of Cryptology},
	volume	  = {23},
	number	  = {1},
	pages	  = {37--71},
	year	  = 2010,
	publisher = {Springer}
}

@article{godfrey2014preventing,
	title     = {{Preventing cache-based side-channel attacks in a cloud environment}},
	author    = {Godfrey, Michael Misiu and Zulkernine, Mohammad},
	journal   = {IEEE transactions on cloud computing},
	volume    = {2},
	number    = {4},
	pages     = {395--408},
	year      = 2014,
	publisher = {IEEE}
}

@article{gaddam2007k,
	title     = {{K-Means+ ID3: A novel method for supervised anomaly detection by cascading K-Means clustering and ID3 decision tree learning methods}},
	author    = {Gaddam, Shekhar R and Phoha, Vir V and Balagani, Kiran S},
	journal   = {IEEE Transactions on Knowledge and Data Engineering},
	volume    = {19},
	number    = {3},
	pages     = {345--354},
	year      = 2007,
	publisher = {IEEE}
}

@article{irazoqui2015know,
	title     = {{Know thy neighbor: crypto library detection in cloud}},
	author    = {Irazoqui, Gorka and IncI, Mehmet Sinan and Eisenbarth, Thomas and Sunar, Berk},
	journal   = {Proceedings on Privacy Enhancing Technologies},
	volume    = {2015},
	number    = {1},
	pages     = {25--40},
	year      = 2015,
	publisher = {De Gruyter Open}
}

@article{kelsey2000side,
	title     = {{Side channel cryptanalysis of product ciphers}},
	author    = {Kelsey, John and Schneier, Bruce and Wagner, David and Hall, Chris},
	journal   = {Journal of Computer Security},
	volume    = {8},
	number    = {2, 3},
	pages     = {141--158},
	year      = 2000,
	publisher = {IOS Press}
}

@article{chiappetta2016real,
	title     = {{Real time detection of cache-based side-channel attacks using hardware performance counters}},
	author    = {Chiappetta, Marco and Savas, Erkay and Yilmaz, Cemal},
	journal   = {Applied Soft Computing},
	volume    = {49},
	pages     = {1162--1174},
	year      = 2016,
	publisher = {Elsevier}
}

@article{reineke2007timing,
	title     = {{Timing predictability of cache replacement policies}},
	author    = {Reineke, Jan and Grund, Daniel and Berg, Christoph and Wilhelm, Reinhard},
	journal   = {Real-Time Systems},
	volume    = {37},
	number    = {2},
	pages     = {99--122},
	year      = 2007,
	publisher = {Springer}
}

@article{reed1960polynomial,
	title     = {{Polynomial codes over certain finite fields}},
	author    = {Reed, Irving S and Solomon, Gustave},
	journal   = {Journal of the society for industrial and applied mathematics},
	volume    = {8},
	number    = {2},
	pages     = {300--304},
	year      = 1960,
	publisher = {SIAM}
}

%% MISC
@article{zhou2005side,
	title   = {{Side-Channel Attacks: Ten Years After Its Publication and the Impacts on Cryptographic Module Security Testing}},
	author  = {Zhou, YongBin and Feng, DengGuo},
	journal = {IACR Cryptology ePrint Archive},
	volume  = {2005},
	pages   = {388},
	year    = 2005
}

@article{page2002theoretical,
	title   = {{Theoretical use of cache memory as a cryptanalytic side-channel}},
	author  = {Page, Dan},
	journal = {IACR Cryptology ePrint Archive},
	volume  = {2002},
	pages   = {169},
	year    = 2002
}

@article{yarom2014recovering,
	title   = {{Recovering OpenSSL ECDSA Nonces Using the FLUSH+ RELOAD Cache Side-channel Attack}},
	author  = {Yarom, Yuval and Benger, Naomi},
	journal = {IACR Cryptology ePrint Archive},
	volume  = {2014},
	pages   = {140},
	year    = 2014
}

@misc{mehmet2016seriously,
	title 		 = {{Seriously, get off my cloud! Cross-VM RSA Key Recovery in a Public Cloud}},
	author 		 = {Mehmet Sinan Inci and Berk Gulmezoglu and Gorka Irazoqui and Thomas Eisenbarth and Berk Sunar},
	howpublished = {Cryptology ePrint Archive, Report 2015/898},
	year 		 = 2015,
	note 		 = {\url{https://eprint.iacr.org/2015/898}}
}

@article{zhang2016truspy,
	title	  = {{TruSpy: Cache Side-Channel Information Leakage from the Secure World on ARM Devices}},
	author	  = {Zhang, Ning and Sun, Kun and Shands, Deborah and Lou, Wenjing and Hou, Y Thomas},
	journal	  = {IACR Cryptology ePrint Archive},
	volume	  = {2016},
	pages	  = {980},
	year	  = 2016
}

@article{brasser2017software,
	title	= {Software Grand Exposure: SGX Cache Attacks Are Practical},
	author	= {Brasser, Ferdinand and M{\"u}ller, Urs and Dmitrienko, Alexandra and Kostiainen, Kari and Capkun, Srdjan and Sadeghi, Ahmad-Reza},
	journal	= {arXiv preprint arXiv:1702.07521},
	year	= 2017
}

@article{Kocher2018spectre,
	title   = {{Spectre Attacks: Exploiting Speculative Execution}},
	author  = {Kocher, Paul and Genkin, Daniel and Gruss, Daniel and Haas, Werner and Hamburg, Mike and Lipp, Moritz and Mangard, Stefan and Prescher, Thomas and Schwarz, Michael and Yarom, Yuval},
	journal = {ArXiv e-prints},
	archivePrefix = "arXiv",
	eprint  = {1801.01203},
	year    = 2018,
	month   = jan,
} 

@article{Lipp2018meltdown,
	title   = {{Meltdown}},	
	author  = {Lipp, Moritz and Schwarz, Michael and Gruss, Daniel and Prescher, Thomas and Haas, Werner and Mangard, Stefan and Kocher, Paul and Genkin, Daniel and Yarom, Yuval and Hamburg, Mike},
	journal = {ArXiv e-prints},
	archivePrefix = "arXiv",
	eprint  = {1801.01207},
	year    = 2018,
	month   = jan,
} 

%% ARM manuals
@manual{ARMv8Programmer,
	author	= {ARM},
	title	= {{ARM Cortex-A Series Programmer\'s Guide for ARMv8-A}},
	note	= {\url{http://infocenter.arm.com/help/topic/com.arm.doc.den0024a/index.html}},
	year	= 2015
}

@manual{ARMv7Programmer,
	author	= {ARM},
	title	= {{ARM Cortex-A Series Programmer\'s Guide for ARMv7-A}},
	note	= {\url{http://infocenter.arm.com/help/topic/com.arm.doc.den0013d/index.html}},
	year	= 2014
}

@manual{ARMv8-A-rm,
	author	= {ARM},
	title	= {{ARMv8-A Reference Manual}},
	note	= {\url{http://infocenter.arm.com/help/topic/com.arm.doc.ddi0487b.b/index.html}},
	year	= 2016
}

@manual{ARMv7-A-rm,
	author	= {ARM},
	title	= {{ARM Architecture Reference Manual ARMv7-A and ARMv7-R edition}},
	note	= {\url{http://infocenter.arm.com/help/topic/com.arm.doc.ddi0406c/index.html}},
	year	= 2014
}

@manual{CortexA5trm,
	author	= {ARM},
	title	= {{Cortex-A5 MPCore Processor Technical Reference Manual}},
	note	= {\url{http://infocenter.arm.com/help/topic/com.arm.doc.ddi0434c/index.html}},
	year	= 2016
}

@manual{CortexA7trm,
	author	= {ARM},
	title	= {{Cortex-A7 MPCore Processor Technical Reference Manual}},
	note	= {\url{http://infocenter.arm.com/help/topic/com.arm.doc.ddi0464f/index.html}},
	year	= 2013
}

@manual{CortexA8trm,
	author	= {ARM},
	title	= {{Cortex-A8 Technical Reference Manual}},
	note	= {\url{http://infocenter.arm.com/help/topic/com.arm.doc.ddi0344k/index.html}},
	year	= 2010
}

@manual{CortexA9trm,
	author	= {ARM},
	title	= {{Cortex-A9 Technical Reference Manual}},
	note	= {\url{http://infocenter.arm.com/help/topic/com.arm.doc.100511_0401_10_en/index.html}},
	year	= 2012
}

@manual{CortexA15trm,
	author	= {ARM},
	title	= {{Cortex-A15 MPCore Processor Technical Reference Manual}},
	note	= {\url{http://infocenter.arm.com/help/topic/com.arm.doc.ddi0438i/index.html}},
	year	= 2013
}

@manual{CortexA17trm,
	author	= {ARM},
	title	= {{Cortex-A17 MPCore Processor Technical Reference Manual}},
	note	= {\url{http://infocenter.arm.com/help/topic/com.arm.doc.ddi0535c/index.html}},
	year	= 2014
}

@manual{CortexA32trm,
	author	= {ARM},
	title	= {{Cortex-A32 Processor Technical Reference Manual}},
	note	= {\url{http://infocenter.arm.com/help/topic/com.arm.doc.100241_0001_00_en/index.html}},
	year	= 2017
}

@manual{CortexA35trm,
	author	= {ARM},
	title	= {{Cortex-A35 Processor Technical Reference Manual}},
	note	= {\url{http://infocenter.arm.com/help/topic/com.arm.doc.100236_0002_00_en/index.html}},
	year	= 2017
}

@manual{CortexA53trm,
	author	= {ARM},
	title	= {{Cortex-A53 MPCore Processor Technical Reference Manual}},
	note	= {\url{http://infocenter.arm.com/help/topic/com.arm.doc.ddi0500g/index.html}},
	year	= 2016
}

@manual{CortexA55trm,
	author	= {ARM},
	title	= {{Cortex-A55 MPCore Processor Technical Reference Manual}},
	note	= {\url{http://infocenter.arm.com/help/topic/com.arm.doc.100442_0100_00_en/index.html}},
	year	= 2017
}

@manual{CortexA57trm,
	author	= {ARM},
	title	= {{Cortex-A57 MPCore Processor Technical Reference Manual}},
	note	= {\url{http://infocenter.arm.com/help/topic/com.arm.doc.ddi0488h/index.html}},
	year	= 2016
}

@manual{CortexA72trm,
	author	= {ARM},
	title	= {{Cortex-A72 MPCore Processor Technical Reference Manual}},
	note	= {\url{http://infocenter.arm.com/help/topic/com.arm.doc.100095_0003_06_en/index.html}},
	year	= 2016
}

@manual{CortexA73trm,
	author	= {ARM},
	title	= {{Cortex-A73 MPCore Processor Technical Reference Manual}},
	note	= {\url{http://infocenter.arm.com/help/topic/com.arm.doc.100048_0002_05_en/index.html}},
	year	= 2016
}

@manual{CortexA75trm,
	author	= {ARM},
	title	= {{Cortex-A75 Core Technical Reference Manual}},
	note	= {\url{http://infocenter.arm.com/help/topic/com.arm.doc.100403_0200_00_en/index.html}},
	year	= 2017
}

@manual{AMBAprotocol,
	author	= {ARM},
	title	= {{AMBA Protocol}},
	note	= {\url{https://developer.arm.com/products/architecture/amba-protocol}},
	year	= 2017
}

%% WWW
@manual{Grisenthwaite2018white,
	title  = {{Whitepaper, Cache Speculation Side-channels (Version 1.1)}},
	author = {Grisenthwaite, Richard},
	note   = {\url{https://developer.arm.com/support/security-update}},
	month  = Jan,
	year   = 2018
}

@manual{id3alg,
	title  = {{ID3 Algorithm Implementation in C}},
	note   = {\url{http://id3alg.altervista.org}},
	year   = "(accessed February 3, 2018)"
}

@manual{byteunixbench,
	title  = {{Byte-unixbench: A Unix benchmark suite}},
	note   = {\url{https://github.com/kdlucas/byte-unixbench}},
	year   = "(accessed February 3, 2018)"
}

@manual{aas2005understanding,
  title   = {Understanding the Linux 2.6. 8.1 CPU scheduler},
  author  = {Aas, Josh},
  year    = 2005
}

%%%%%%%%%%%%
